
@BOOK{KonyvId,
   author = "Szerző István",
   title = "Könyv címe",
   publisher = "Kiadó",
   year = 2005,
   isbn = "111-222-33-4"
}

@MANUAL{sds_tech_desc,
	author = "Ericsson",
	title = "Service Development Studio (SDS) 4.1 Technical Description",
	ISBN = "1/221 02-FGC 101",
	organization = "Ericsson AB.",
	YEAR = "2008.",
	URL = ""
}

@TECHREPORT{rfc4566,
  author = "M. Handley and V. Jacobson and C. Perkins",
  title = "{SDP: Session Description Protocol}",
  type = "RFC",
  institution = "Internet Engineering Task Force",
  number = 4566,
  month = jul,
  year = 2006,
  url = "http://tools.ietf.org/html/rfc4566",
}

@TECHREPORT{rfc4975,
  author = "B. Campbell and R. Mahy and C. Jennings",
  title = "{The Message Session Relay Protocol (MSRP)}",
  type = "RFC",
  institution = "Internet Engineering Task Force",
  number = 4975,
  month = sep,
  year = 2007,
  url = "http://tools.ietf.org/html/rfc4975",
}

@ARTICLE {cikkid,
   title = "Miért olvasunk cikkeket",
   author = "Jófejű Ilona",
   journal = "hvg",
   year = 2007,
   number = "2007/2",
   pages = "66--78",
   ISSN = "0023-4362"
}

